@article{einstein,
    author =       "Albert Einstein",
    title =        "{Zur Elektrodynamik bewegter K{\"o}rper}. ({German})
        [{On} the electrodynamics of moving bodies]",
    journal =      "Annalen der Physik",
    volume =       "322",
    number =       "10",
    pages =        "891--921",
    year =         "1905",
    DOI =          "http://dx.doi.org/10.1002/andp.19053221004"
}

@book{latexcompanion,
    author    = "Michel Goossens and Frank Mittelbach and Alexander Samarin",
    title     = "The \LaTeX\ Companion",
    year      = "1993",
    publisher = "Addison-Wesley",
    address   = "Reading, Massachusetts"
}

@misc{knuthwebsite,
    author    = "Donald Knuth",
    title     = "Knuth: Computers and Typesetting",
    url       = "http://www-cs-faculty.stanford.edu/\~{}uno/abcde.html"
}

@book{giovani,
    author = {Giovani Goraiebe Pollachini},
    title = {Computação Quântica: Uma abordagem para estudantes de graduação em Ciências Exatas},
    year = {2018},
}

@book{nielsen_chuang_2010,
    place={Cambridge},
    title={Quantum Computation and Quantum Information: 10th Anniversary Edition},
    DOI={10.1017/CBO9780511976667},
    publisher={Cambridge University Press},
    author={Nielsen, Michael A. and Chuang, Isaac L.},
    year={2010}
}

@book{thomas-wong,
    author = {Thomas G. Wong},
    title = {Introduction to Classical and Quantum Computing},
    publisher = {Rooted Grove},
    year = {2022},
}