@book{giovani,
    author = {Giovani Goraiebe Pollachini},
    title = {Computação Quântica: Uma abordagem para estudantes de graduação em Ciências Exatas},
    year = {2018},
}

@book{nielsen_chuang_2010,
    place={Cambridge},
    title={Quantum Computation and Quantum Information: 10th Anniversary Edition},
    DOI={10.1017/CBO9780511976667},
    publisher={Cambridge University Press},
    author={Nielsen, Michael A. and Chuang, Isaac L.},
    year={2010}
}

@book{thomas-wong,
    author = {Thomas G. Wong},
    title = {Introduction to Classical and Quantum Computing},
    publisher = {Rooted Grove},
    year = {2022},
}

@mastersthesis{ket,
    author = {Evandro Chagas Ribeiro da Rosa},
    title = {Ket Quantum Programming},
    school = {Universidade Federal de Santa Catarina},
    year = {2021},
    url = {https://repositorio.ufsc.br/handle/123456789/229874},
}